[gd_scene load_steps=128 format=2]

[ext_resource path="res://Assets/Adventurer/adventurer-attack1-00-1.3.png" type="Texture" id=1]
[ext_resource path="res://Assets/Adventurer/adventurer-attack1-04-1.3.png" type="Texture" id=2]
[ext_resource path="res://Assets/Adventurer/adventurer-attack1-02-1.3.png" type="Texture" id=3]
[ext_resource path="res://Assets/Adventurer/adventurer-attack1-01-1.3.png" type="Texture" id=4]
[ext_resource path="res://Assets/Adventurer/adventurer-attack1-03-1.3.png" type="Texture" id=5]
[ext_resource path="res://Assets/Adventurer/adventurer-hurt-02-1.3.png" type="Texture" id=6]
[ext_resource path="res://Assets/Adventurer/adventurer-attack2-03-1.3.png" type="Texture" id=7]
[ext_resource path="res://Assets/Adventurer/adventurer-attack3-01-1.3.png" type="Texture" id=8]
[ext_resource path="res://Assets/Adventurer/adventurer-attack2-04-1.3.png" type="Texture" id=9]
[ext_resource path="res://Assets/Adventurer/adventurer-swrd-shte-00-1.3.png" type="Texture" id=10]
[ext_resource path="res://Assets/Adventurer/adventurer-attack2-05-1.3.png" type="Texture" id=11]
[ext_resource path="res://Assets/Adventurer/adventurer-swrd-shte-03-1.3.png" type="Texture" id=12]
[ext_resource path="res://Assets/Adventurer/adventurer-attack3-05-1.3.png" type="Texture" id=13]
[ext_resource path="res://Assets/攻撃の音/武器＿斬る2.wav" type="AudioStream" id=14]
[ext_resource path="res://Assets/Adventurer/adventurer-attack3-03-1.3.png" type="Texture" id=15]
[ext_resource path="res://Assets/Adventurer/adventurer-idle-2-00-1.3.png" type="Texture" id=16]
[ext_resource path="res://Assets/Adventurer/adventurer-attack3-00-1.3.png" type="Texture" id=17]
[ext_resource path="res://Assets/Adventurer/adventurer-idle-2-03-1.3.png" type="Texture" id=18]
[ext_resource path="res://Assets/Adventurer/adventurer-hurt-01-1.3.png" type="Texture" id=19]
[ext_resource path="res://Assets/Adventurer/adventurer-run-05-1.3.png" type="Texture" id=20]
[ext_resource path="res://Assets/Adventurer/adventurer-attack2-02-1.3.png" type="Texture" id=21]
[ext_resource path="res://Assets/Adventurer/adventurer-idle-03-1.3.png" type="Texture" id=22]
[ext_resource path="res://Assets/Adventurer/adventurer-run-03-1.3.png" type="Texture" id=23]
[ext_resource path="res://Assets/Adventurer/adventurer-run-02-1.3.png" type="Texture" id=24]
[ext_resource path="res://Assets/Adventurer/adventurer-run-00-1.3.png" type="Texture" id=25]
[ext_resource path="res://Assets/Adventurer/adventurer-swrd-shte-01-1.3.png" type="Texture" id=26]
[ext_resource path="res://Assets/Adventurer/adventurer-run-01-1.3.png" type="Texture" id=27]
[ext_resource path="res://Assets/Adventurer/adventurer-idle-2-02-1.3.png" type="Texture" id=28]
[ext_resource path="res://Assets/Adventurer/adventurer-idle-2-01-1.3.png" type="Texture" id=29]
[ext_resource path="res://Assets/Adventurer/adventurer-attack3-02-1.3.png" type="Texture" id=30]
[ext_resource path="res://Assets/Adventurer/adventurer-idle-00-1.3.png" type="Texture" id=31]
[ext_resource path="res://Assets/Adventurer/adventurer-swrd-shte-02-1.3.png" type="Texture" id=32]
[ext_resource path="res://Assets/Adventurer/adventurer-idle-01-1.3.png" type="Texture" id=33]
[ext_resource path="res://Assets/Adventurer/adventurer-attack2-01-1.3.png" type="Texture" id=34]
[ext_resource path="res://Assets/Adventurer/adventurer-attack3-04-1.3.png" type="Texture" id=35]
[ext_resource path="res://Assets/Adventurer/adventurer-hurt-00-1.3.png" type="Texture" id=36]
[ext_resource path="res://Assets/Adventurer/adventurer-run-04-1.3.png" type="Texture" id=37]
[ext_resource path="res://Assets/Adventurer/adventurer-crnr-jmp-01-1.3.png" type="Texture" id=38]
[ext_resource path="res://Assets/Adventurer/adventurer-crnr-jmp-00-1.3.png" type="Texture" id=39]
[ext_resource path="res://Assets/Adventurer/adventurer-air-attack1-02.png" type="Texture" id=40]
[ext_resource path="res://Assets/Adventurer/adventurer-air-attack2-02.png" type="Texture" id=41]
[ext_resource path="res://Assets/Adventurer/adventurer-air-attack3-loop-01.png" type="Texture" id=42]
[ext_resource path="res://Assets/Adventurer/adventurer-air-attack1-03.png" type="Texture" id=43]
[ext_resource path="res://Assets/Adventurer/adventurer-air-attack-3-end-01.png" type="Texture" id=44]
[ext_resource path="res://Assets/Adventurer/adventurer-air-attack2-01.png" type="Texture" id=45]
[ext_resource path="res://Assets/Adventurer/adventurer-air-attack-3-end-00.png" type="Texture" id=46]
[ext_resource path="res://Assets/Adventurer/adventurer-air-attack2-00.png" type="Texture" id=47]
[ext_resource path="res://Assets/Adventurer/adventurer-air-attack3-loop-00.png" type="Texture" id=48]
[ext_resource path="res://Assets/Adventurer/adventurer-air-attack3-rdy-00.png" type="Texture" id=49]
[ext_resource path="res://Assets/Adventurer/adventurer-air-attack1-01.png" type="Texture" id=50]
[ext_resource path="res://Assets/Adventurer/adventurer-air-attack1-00.png" type="Texture" id=51]
[ext_resource path="res://Assets/Adventurer/adventurer-slide-01-1.3.png" type="Texture" id=52]
[ext_resource path="res://Assets/Adventurer/adventurer-slide-00-1.3.png" type="Texture" id=53]
[ext_resource path="res://Assets/Adventurer/adventurer-air-attack-3-end-02.png" type="Texture" id=54]
[ext_resource path="res://Scripts/Player.gd" type="Script" id=55]
[ext_resource path="res://Assets/攻撃の音/武器＿素振り.wav" type="AudioStream" id=56]
[ext_resource path="res://Assets/攻撃の音/ヒット＿通常4.wav" type="AudioStream" id=57]

[sub_resource type="RectangleShape2D" id=1]
extents = Vector2( 8.10698, 28.042 )

[sub_resource type="RectangleShape2D" id=2]
extents = Vector2( 14.3078, 34.5 )

[sub_resource type="Animation" id=3]
resource_name = "attack1"
length = 0.6
tracks/0/type = "value"
tracks/0/path = NodePath("Sprite:texture")
tracks/0/interp = 1
tracks/0/loop_wrap = true
tracks/0/imported = false
tracks/0/enabled = true
tracks/0/keys = {
"times": PoolRealArray( 0, 0.1, 0.2, 0.3, 0.4, 0.5, 0.6 ),
"transitions": PoolRealArray( 1, 1, 1, 1, 1, 1, 1 ),
"update": 1,
"values": [ ExtResource( 1 ), ExtResource( 4 ), ExtResource( 3 ), ExtResource( 5 ), ExtResource( 2 ), ExtResource( 21 ), ExtResource( 1 ) ]
}
tracks/1/type = "value"
tracks/1/path = NodePath("Area2D/CollisionShape2D:disabled")
tracks/1/interp = 1
tracks/1/loop_wrap = true
tracks/1/imported = false
tracks/1/enabled = true
tracks/1/keys = {
"times": PoolRealArray( 0, 0.2, 0.3 ),
"transitions": PoolRealArray( 1, 1, 1 ),
"update": 1,
"values": [ true, false, true ]
}
tracks/2/type = "value"
tracks/2/path = NodePath("Area2D/CollisionShape2D:position")
tracks/2/interp = 1
tracks/2/loop_wrap = true
tracks/2/imported = false
tracks/2/enabled = true
tracks/2/keys = {
"times": PoolRealArray( 0, 0.2, 0.3 ),
"transitions": PoolRealArray( 1, 1, 1 ),
"update": 0,
"values": [ Vector2( 34.5, -0.75 ), Vector2( 28, -0.75 ), Vector2( 34.5, -0.75 ) ]
}
tracks/3/type = "value"
tracks/3/path = NodePath("Area2D/CollisionShape2D:scale")
tracks/3/interp = 1
tracks/3/loop_wrap = true
tracks/3/imported = false
tracks/3/enabled = true
tracks/3/keys = {
"times": PoolRealArray( 0, 0.2, 0.3 ),
"transitions": PoolRealArray( 1, 1, 1 ),
"update": 0,
"values": [ Vector2( 1, 1 ), Vector2( 1.5, 1 ), Vector2( 1, 1 ) ]
}
tracks/4/type = "bezier"
tracks/4/path = NodePath(".:xVelocity")
tracks/4/interp = 1
tracks/4/loop_wrap = true
tracks/4/imported = false
tracks/4/enabled = true
tracks/4/keys = {
"points": PoolRealArray( 10, -0.25, 0, 0.25, 0, 0, -0.25, 0, 0.25, 0 ),
"times": PoolRealArray( 0, 0.2 )
}
tracks/5/type = "bezier"
tracks/5/path = NodePath(".:yVelocity")
tracks/5/interp = 1
tracks/5/loop_wrap = true
tracks/5/imported = false
tracks/5/enabled = true
tracks/5/keys = {
"points": PoolRealArray( 0, -0.25, 0, 0.25, 0, 0, -0.25, 0, 0.25, 0 ),
"times": PoolRealArray( 0, 0.5 )
}
tracks/6/type = "value"
tracks/6/path = NodePath("AttackSwing:playing")
tracks/6/interp = 1
tracks/6/loop_wrap = true
tracks/6/imported = false
tracks/6/enabled = true
tracks/6/keys = {
"times": PoolRealArray( 0, 0.2, 0.5 ),
"transitions": PoolRealArray( 1, 1, 1 ),
"update": 1,
"values": [ false, true, false ]
}
tracks/7/type = "value"
tracks/7/path = NodePath(".:isAttacking")
tracks/7/interp = 1
tracks/7/loop_wrap = true
tracks/7/imported = false
tracks/7/enabled = true
tracks/7/keys = {
"times": PoolRealArray( 0, 0.3 ),
"transitions": PoolRealArray( 1, 1 ),
"update": 1,
"values": [ true, false ]
}
tracks/8/type = "value"
tracks/8/path = NodePath(".:attackReset")
tracks/8/interp = 1
tracks/8/loop_wrap = true
tracks/8/imported = false
tracks/8/enabled = true
tracks/8/keys = {
"times": PoolRealArray( 0, 0.6 ),
"transitions": PoolRealArray( 1, 1 ),
"update": 1,
"values": [ false, true ]
}

[sub_resource type="Animation" id=4]
resource_name = "attack2"
length = 0.6
tracks/0/type = "value"
tracks/0/path = NodePath("Sprite:texture")
tracks/0/interp = 1
tracks/0/loop_wrap = true
tracks/0/imported = false
tracks/0/enabled = true
tracks/0/keys = {
"times": PoolRealArray( 0, 0.1, 0.2, 0.3, 0.4, 0.5, 0.6 ),
"transitions": PoolRealArray( 1, 1, 1, 1, 1, 1, 1 ),
"update": 1,
"values": [ ExtResource( 34 ), ExtResource( 21 ), ExtResource( 7 ), ExtResource( 9 ), ExtResource( 11 ), ExtResource( 4 ), ExtResource( 1 ) ]
}
tracks/1/type = "value"
tracks/1/path = NodePath("Area2D/CollisionShape2D:disabled")
tracks/1/interp = 1
tracks/1/loop_wrap = true
tracks/1/imported = false
tracks/1/enabled = true
tracks/1/keys = {
"times": PoolRealArray( 0, 0.2, 0.3 ),
"transitions": PoolRealArray( 1, 1, 1 ),
"update": 1,
"values": [ true, false, true ]
}
tracks/2/type = "value"
tracks/2/path = NodePath("Area2D/CollisionShape2D:scale")
tracks/2/interp = 1
tracks/2/loop_wrap = true
tracks/2/imported = false
tracks/2/enabled = true
tracks/2/keys = {
"times": PoolRealArray( 0, 0.1, 0.4, 0.6 ),
"transitions": PoolRealArray( 1, 1, 1, 1 ),
"update": 0,
"values": [ Vector2( 1, 1 ), Vector2( 1.5, 0.7 ), Vector2( 1.5, 0.7 ), Vector2( 1, 1 ) ]
}
tracks/3/type = "value"
tracks/3/path = NodePath("Area2D/CollisionShape2D:position")
tracks/3/interp = 1
tracks/3/loop_wrap = true
tracks/3/imported = false
tracks/3/enabled = true
tracks/3/keys = {
"times": PoolRealArray( 0, 0.1, 0.5 ),
"transitions": PoolRealArray( 1, 1, 1 ),
"update": 0,
"values": [ Vector2( 34.5, -0.75 ), Vector2( 25, -0.75 ), Vector2( 34.5, -0.75 ) ]
}
tracks/4/type = "bezier"
tracks/4/path = NodePath(".:xVelocity")
tracks/4/interp = 1
tracks/4/loop_wrap = true
tracks/4/imported = false
tracks/4/enabled = true
tracks/4/keys = {
"points": PoolRealArray( 10, -0.25, 0, 0.25, 0, 0, -0.25, 0, 0.25, 0 ),
"times": PoolRealArray( 0, 0.3 )
}
tracks/5/type = "value"
tracks/5/path = NodePath("AttackSwing:playing")
tracks/5/interp = 1
tracks/5/loop_wrap = true
tracks/5/imported = false
tracks/5/enabled = true
tracks/5/keys = {
"times": PoolRealArray( 0, 0.1, 0.4 ),
"transitions": PoolRealArray( 1, 1, 1 ),
"update": 1,
"values": [ false, true, false ]
}
tracks/6/type = "value"
tracks/6/path = NodePath(".:isAttacking")
tracks/6/interp = 1
tracks/6/loop_wrap = true
tracks/6/imported = false
tracks/6/enabled = true
tracks/6/keys = {
"times": PoolRealArray( 0, 0.3 ),
"transitions": PoolRealArray( 1, 1 ),
"update": 1,
"values": [ true, false ]
}
tracks/7/type = "value"
tracks/7/path = NodePath(".:attackReset")
tracks/7/interp = 1
tracks/7/loop_wrap = true
tracks/7/imported = false
tracks/7/enabled = true
tracks/7/keys = {
"times": PoolRealArray( 0, 0.6 ),
"transitions": PoolRealArray( 1, 1 ),
"update": 1,
"values": [ false, true ]
}

[sub_resource type="Animation" id=5]
resource_name = "attack3"
length = 0.8
tracks/0/type = "value"
tracks/0/path = NodePath("Sprite:texture")
tracks/0/interp = 1
tracks/0/loop_wrap = true
tracks/0/imported = false
tracks/0/enabled = true
tracks/0/keys = {
"times": PoolRealArray( 0, 0.1, 0.2, 0.3, 0.4, 0.5, 0.6, 0.7 ),
"transitions": PoolRealArray( 1, 1, 1, 1, 1, 1, 1, 1 ),
"update": 1,
"values": [ ExtResource( 17 ), ExtResource( 8 ), ExtResource( 30 ), ExtResource( 15 ), ExtResource( 35 ), ExtResource( 13 ), ExtResource( 4 ), ExtResource( 1 ) ]
}
tracks/1/type = "value"
tracks/1/path = NodePath("Area2D/CollisionShape2D:position")
tracks/1/interp = 1
tracks/1/loop_wrap = true
tracks/1/imported = false
tracks/1/enabled = true
tracks/1/keys = {
"times": PoolRealArray( 0, 0.2, 0.3, 0.8 ),
"transitions": PoolRealArray( 1, 1, 1, 1 ),
"update": 0,
"values": [ Vector2( 34.5, -0.75 ), Vector2( 23, 5 ), Vector2( 23, 5 ), Vector2( 34.5, -0.75 ) ]
}
tracks/2/type = "value"
tracks/2/path = NodePath("Area2D/CollisionShape2D:scale")
tracks/2/interp = 1
tracks/2/loop_wrap = true
tracks/2/imported = false
tracks/2/enabled = true
tracks/2/keys = {
"times": PoolRealArray( 0, 0.2, 0.3, 0.8 ),
"transitions": PoolRealArray( 1, 1, 1, 1 ),
"update": 0,
"values": [ Vector2( 1, 1 ), Vector2( 2, 0.5 ), Vector2( 2, 0.5 ), Vector2( 1, 1 ) ]
}
tracks/3/type = "value"
tracks/3/path = NodePath("Area2D/CollisionShape2D:disabled")
tracks/3/interp = 1
tracks/3/loop_wrap = true
tracks/3/imported = false
tracks/3/enabled = true
tracks/3/keys = {
"times": PoolRealArray( 0, 0.2, 0.3, 0.8 ),
"transitions": PoolRealArray( 1, 1, 1, 1 ),
"update": 1,
"values": [ true, false, true, true ]
}
tracks/4/type = "bezier"
tracks/4/path = NodePath(".:xVelocity")
tracks/4/interp = 1
tracks/4/loop_wrap = true
tracks/4/imported = false
tracks/4/enabled = true
tracks/4/keys = {
"points": PoolRealArray( 50, -0.25, 0, 0.25, 0, 0, -0.25, 0, 0.25, 0 ),
"times": PoolRealArray( 0, 0.2 )
}
tracks/5/type = "value"
tracks/5/path = NodePath("AttackSwing:playing")
tracks/5/interp = 1
tracks/5/loop_wrap = true
tracks/5/imported = false
tracks/5/enabled = true
tracks/5/keys = {
"times": PoolRealArray( 0.1, 0.4 ),
"transitions": PoolRealArray( 1, 1 ),
"update": 1,
"values": [ true, false ]
}
tracks/6/type = "value"
tracks/6/path = NodePath(".:isAttacking")
tracks/6/interp = 1
tracks/6/loop_wrap = true
tracks/6/imported = false
tracks/6/enabled = true
tracks/6/keys = {
"times": PoolRealArray( 0, 0.3 ),
"transitions": PoolRealArray( 1, 1 ),
"update": 1,
"values": [ true, false ]
}
tracks/7/type = "value"
tracks/7/path = NodePath(".:attackReset")
tracks/7/interp = 1
tracks/7/loop_wrap = true
tracks/7/imported = false
tracks/7/enabled = true
tracks/7/keys = {
"times": PoolRealArray( 0, 0.3 ),
"transitions": PoolRealArray( 1, 1 ),
"update": 1,
"values": [ false, true ]
}

[sub_resource type="Animation" id=6]
resource_name = "hurt"
length = 0.3
tracks/0/type = "value"
tracks/0/path = NodePath("Sprite:texture")
tracks/0/interp = 1
tracks/0/loop_wrap = true
tracks/0/imported = false
tracks/0/enabled = true
tracks/0/keys = {
"times": PoolRealArray( 0, 0.1, 0.2 ),
"transitions": PoolRealArray( 1, 1, 1 ),
"update": 1,
"values": [ ExtResource( 36 ), ExtResource( 19 ), ExtResource( 6 ) ]
}

[sub_resource type="Animation" id=7]
resource_name = "idle"
length = 0.3
loop = true
tracks/0/type = "value"
tracks/0/path = NodePath("Sprite:texture")
tracks/0/interp = 1
tracks/0/loop_wrap = true
tracks/0/imported = false
tracks/0/enabled = true
tracks/0/keys = {
"times": PoolRealArray( 0, 0.1, 0.2 ),
"transitions": PoolRealArray( 1, 1, 1 ),
"update": 1,
"values": [ ExtResource( 31 ), ExtResource( 33 ), ExtResource( 22 ) ]
}
tracks/1/type = "value"
tracks/1/path = NodePath("Area2D/CollisionShape2D:disabled")
tracks/1/interp = 1
tracks/1/loop_wrap = true
tracks/1/imported = false
tracks/1/enabled = true
tracks/1/keys = {
"times": PoolRealArray( 0 ),
"transitions": PoolRealArray( 1 ),
"update": 1,
"values": [ true ]
}
tracks/2/type = "value"
tracks/2/path = NodePath("CollisionShape2D:position")
tracks/2/interp = 1
tracks/2/loop_wrap = true
tracks/2/imported = false
tracks/2/enabled = true
tracks/2/keys = {
"times": PoolRealArray( 0 ),
"transitions": PoolRealArray( 1 ),
"update": 0,
"values": [ Vector2( 0, 5.3033 ) ]
}
tracks/3/type = "value"
tracks/3/path = NodePath("CollisionShape2D:scale")
tracks/3/interp = 1
tracks/3/loop_wrap = true
tracks/3/imported = false
tracks/3/enabled = true
tracks/3/keys = {
"times": PoolRealArray( 0 ),
"transitions": PoolRealArray( 1 ),
"update": 0,
"values": [ Vector2( 1, 1 ) ]
}
tracks/4/type = "value"
tracks/4/path = NodePath(".:isAttacking")
tracks/4/interp = 1
tracks/4/loop_wrap = true
tracks/4/imported = false
tracks/4/enabled = true
tracks/4/keys = {
"times": PoolRealArray( 0 ),
"transitions": PoolRealArray( 1 ),
"update": 1,
"values": [ false ]
}

[sub_resource type="Animation" id=8]
resource_name = "idle_sword"
length = 1.2
loop = true
tracks/0/type = "value"
tracks/0/path = NodePath("Sprite:texture")
tracks/0/interp = 1
tracks/0/loop_wrap = true
tracks/0/imported = false
tracks/0/enabled = true
tracks/0/keys = {
"times": PoolRealArray( 0, 0.1, 0.2, 0.3, 0.4, 0.5, 0.6, 0.7, 0.8, 0.9, 1, 1.1 ),
"transitions": PoolRealArray( 1, 1, 1, 1, 1, 1, 1, 1, 1, 1, 1, 1 ),
"update": 1,
"values": [ ExtResource( 16 ), ExtResource( 29 ), ExtResource( 28 ), ExtResource( 18 ), ExtResource( 16 ), ExtResource( 29 ), ExtResource( 28 ), ExtResource( 18 ), ExtResource( 16 ), ExtResource( 29 ), ExtResource( 28 ), ExtResource( 18 ) ]
}
tracks/1/type = "value"
tracks/1/path = NodePath(".:isAttacking")
tracks/1/interp = 1
tracks/1/loop_wrap = true
tracks/1/imported = false
tracks/1/enabled = true
tracks/1/keys = {
"times": PoolRealArray( 0 ),
"transitions": PoolRealArray( 1 ),
"update": 1,
"values": [ false ]
}

[sub_resource type="Animation" id=9]
resource_name = "jump"
length = 0.2
loop = true
tracks/0/type = "value"
tracks/0/path = NodePath("Sprite:texture")
tracks/0/interp = 1
tracks/0/loop_wrap = true
tracks/0/imported = false
tracks/0/enabled = true
tracks/0/keys = {
"times": PoolRealArray( 0, 0.1 ),
"transitions": PoolRealArray( 1, 1 ),
"update": 1,
"values": [ ExtResource( 39 ), ExtResource( 38 ) ]
}
tracks/1/type = "value"
tracks/1/path = NodePath(".:hasJumped")
tracks/1/interp = 1
tracks/1/loop_wrap = true
tracks/1/imported = false
tracks/1/enabled = true
tracks/1/keys = {
"times": PoolRealArray( 0 ),
"transitions": PoolRealArray( 1 ),
"update": 1,
"values": [ true ]
}
tracks/2/type = "value"
tracks/2/path = NodePath(".:isAttacking")
tracks/2/interp = 1
tracks/2/loop_wrap = true
tracks/2/imported = false
tracks/2/enabled = true
tracks/2/keys = {
"times": PoolRealArray( 0 ),
"transitions": PoolRealArray( 1 ),
"update": 1,
"values": [ false ]
}

[sub_resource type="Animation" id=10]
resource_name = "jump_attack1"
length = 0.4
tracks/0/type = "value"
tracks/0/path = NodePath("Sprite:texture")
tracks/0/interp = 1
tracks/0/loop_wrap = true
tracks/0/imported = false
tracks/0/enabled = true
tracks/0/keys = {
"times": PoolRealArray( 0, 0.1, 0.2, 0.3, 0.301 ),
"transitions": PoolRealArray( 1, 1, 1, 1, 1 ),
"update": 1,
"values": [ ExtResource( 51 ), ExtResource( 50 ), ExtResource( 40 ), ExtResource( 38 ), ExtResource( 43 ) ]
}
tracks/1/type = "value"
tracks/1/path = NodePath("Area2D/CollisionShape2D:disabled")
tracks/1/interp = 1
tracks/1/loop_wrap = true
tracks/1/imported = false
tracks/1/enabled = true
tracks/1/keys = {
"times": PoolRealArray( 0, 0.1, 0.2 ),
"transitions": PoolRealArray( 1, 1, 1 ),
"update": 1,
"values": [ true, false, true ]
}
tracks/2/type = "value"
tracks/2/path = NodePath("Area2D/CollisionShape2D:scale")
tracks/2/interp = 1
tracks/2/loop_wrap = true
tracks/2/imported = false
tracks/2/enabled = true
tracks/2/keys = {
"times": PoolRealArray(  ),
"transitions": PoolRealArray(  ),
"update": 0,
"values": [  ]
}
tracks/3/type = "bezier"
tracks/3/path = NodePath(".:xVelocity")
tracks/3/interp = 1
tracks/3/loop_wrap = true
tracks/3/imported = false
tracks/3/enabled = true
tracks/3/keys = {
"points": PoolRealArray( 50, -0.25, 0, 0.25, 0, 0, -0.25, 0, 0.25, 0 ),
"times": PoolRealArray( 0, 0.2 )
}
tracks/4/type = "bezier"
tracks/4/path = NodePath(".:yVelocity")
tracks/4/interp = 1
tracks/4/loop_wrap = true
tracks/4/imported = false
tracks/4/enabled = true
tracks/4/keys = {
"points": PoolRealArray( 0, -0.25, 0, 0.25, 0, 0, -0.25, 0, 0.25, 0, 400, -0.25, 0, 0.25, 0 ),
"times": PoolRealArray( 0, 0.2, 0.4 )
}
tracks/5/type = "value"
tracks/5/path = NodePath("AttackSwing:playing")
tracks/5/interp = 1
tracks/5/loop_wrap = true
tracks/5/imported = false
tracks/5/enabled = true
tracks/5/keys = {
"times": PoolRealArray( 0, 0.2 ),
"transitions": PoolRealArray( 1, 1 ),
"update": 1,
"values": [ true, false ]
}
tracks/6/type = "value"
tracks/6/path = NodePath(".:isAttacking")
tracks/6/interp = 1
tracks/6/loop_wrap = true
tracks/6/imported = false
tracks/6/enabled = true
tracks/6/keys = {
"times": PoolRealArray( 0, 0.2 ),
"transitions": PoolRealArray( 1, 1 ),
"update": 1,
"values": [ true, false ]
}

[sub_resource type="Animation" id=11]
resource_name = "jump_attack2"
length = 0.3
tracks/0/type = "value"
tracks/0/path = NodePath("Sprite:texture")
tracks/0/interp = 1
tracks/0/loop_wrap = true
tracks/0/imported = false
tracks/0/enabled = true
tracks/0/keys = {
"times": PoolRealArray( 0, 0.1, 0.2 ),
"transitions": PoolRealArray( 1, 1, 1 ),
"update": 1,
"values": [ ExtResource( 47 ), ExtResource( 45 ), ExtResource( 41 ) ]
}
tracks/1/type = "value"
tracks/1/path = NodePath("Area2D/CollisionShape2D:disabled")
tracks/1/interp = 1
tracks/1/loop_wrap = true
tracks/1/imported = false
tracks/1/enabled = true
tracks/1/keys = {
"times": PoolRealArray( 0, 0.2 ),
"transitions": PoolRealArray( 1, 1 ),
"update": 1,
"values": [ false, true ]
}
tracks/2/type = "value"
tracks/2/path = NodePath("Area2D/CollisionShape2D:position")
tracks/2/interp = 1
tracks/2/loop_wrap = true
tracks/2/imported = false
tracks/2/enabled = true
tracks/2/keys = {
"times": PoolRealArray( 0, 0.2 ),
"transitions": PoolRealArray( 1, 1 ),
"update": 0,
"values": [ Vector2( 20, -0.75 ), Vector2( 20, -0.75 ) ]
}
tracks/3/type = "value"
tracks/3/path = NodePath("Area2D/CollisionShape2D:scale")
tracks/3/interp = 1
tracks/3/loop_wrap = true
tracks/3/imported = false
tracks/3/enabled = true
tracks/3/keys = {
"times": PoolRealArray( 0, 0.2 ),
"transitions": PoolRealArray( 1, 1 ),
"update": 0,
"values": [ Vector2( 2, 1 ), Vector2( 2, 1 ) ]
}
tracks/4/type = "bezier"
tracks/4/path = NodePath(".:xVelocity")
tracks/4/interp = 1
tracks/4/loop_wrap = true
tracks/4/imported = false
tracks/4/enabled = true
tracks/4/keys = {
"points": PoolRealArray( 50, -0.25, 0, 0.25, 0, 0, -0.25, 0, 0.25, 0 ),
"times": PoolRealArray( 0, 0.2 )
}
tracks/5/type = "bezier"
tracks/5/path = NodePath(".:yVelocity")
tracks/5/interp = 1
tracks/5/loop_wrap = true
tracks/5/imported = false
tracks/5/enabled = true
tracks/5/keys = {
"points": PoolRealArray( 0, -0.25, 0, 0.25, 0, 0, -0.25, 0, 0.25, 0, 400, -0.25, 0, 0.25, 0 ),
"times": PoolRealArray( 0, 0.2, 0.3 )
}
tracks/6/type = "value"
tracks/6/path = NodePath("AttackSwing:playing")
tracks/6/interp = 1
tracks/6/loop_wrap = true
tracks/6/imported = false
tracks/6/enabled = true
tracks/6/keys = {
"times": PoolRealArray( 0, 0.2 ),
"transitions": PoolRealArray( 1, 1 ),
"update": 1,
"values": [ true, false ]
}
tracks/7/type = "value"
tracks/7/path = NodePath(".:isAttacking")
tracks/7/interp = 1
tracks/7/loop_wrap = true
tracks/7/imported = false
tracks/7/enabled = true
tracks/7/keys = {
"times": PoolRealArray( 0, 0.2 ),
"transitions": PoolRealArray( 1, 1 ),
"update": 1,
"values": [ true, false ]
}

[sub_resource type="Animation" id=12]
resource_name = "jump_attack3_drop"
length = 0.4
tracks/0/type = "value"
tracks/0/path = NodePath("Sprite:texture")
tracks/0/interp = 1
tracks/0/loop_wrap = true
tracks/0/imported = false
tracks/0/enabled = true
tracks/0/keys = {
"times": PoolRealArray( 0, 0.1, 0.2, 0.3 ),
"transitions": PoolRealArray( 1, 1, 1, 1 ),
"update": 1,
"values": [ ExtResource( 46 ), ExtResource( 44 ), ExtResource( 54 ), ExtResource( 1 ) ]
}
tracks/1/type = "value"
tracks/1/path = NodePath("Area2D/CollisionShape2D:position")
tracks/1/interp = 1
tracks/1/loop_wrap = true
tracks/1/imported = false
tracks/1/enabled = true
tracks/1/keys = {
"times": PoolRealArray( 0, 0.2 ),
"transitions": PoolRealArray( 1, 1 ),
"update": 0,
"values": [ Vector2( 0, 0 ), Vector2( 0, 0 ) ]
}
tracks/2/type = "value"
tracks/2/path = NodePath("Area2D/CollisionShape2D:scale")
tracks/2/interp = 1
tracks/2/loop_wrap = true
tracks/2/imported = false
tracks/2/enabled = true
tracks/2/keys = {
"times": PoolRealArray( 0, 0.2 ),
"transitions": PoolRealArray( 1, 1 ),
"update": 0,
"values": [ Vector2( 3, 1 ), Vector2( 3, 1 ) ]
}
tracks/3/type = "value"
tracks/3/path = NodePath("Area2D/CollisionShape2D:disabled")
tracks/3/interp = 1
tracks/3/loop_wrap = true
tracks/3/imported = false
tracks/3/enabled = true
tracks/3/keys = {
"times": PoolRealArray( 0, 0.2 ),
"transitions": PoolRealArray( 1, 1 ),
"update": 1,
"values": [ false, true ]
}
tracks/4/type = "value"
tracks/4/path = NodePath("AttackSwing:playing")
tracks/4/interp = 1
tracks/4/loop_wrap = true
tracks/4/imported = false
tracks/4/enabled = true
tracks/4/keys = {
"times": PoolRealArray( 0, 0.2 ),
"transitions": PoolRealArray( 1, 1 ),
"update": 1,
"values": [ true, false ]
}
tracks/5/type = "value"
tracks/5/path = NodePath(".:isAttacking")
tracks/5/interp = 1
tracks/5/loop_wrap = true
tracks/5/imported = false
tracks/5/enabled = true
tracks/5/keys = {
"times": PoolRealArray( 0, 0.3 ),
"transitions": PoolRealArray( 1, 1 ),
"update": 1,
"values": [ true, false ]
}
tracks/6/type = "value"
tracks/6/path = NodePath(".:GRAVITY")
tracks/6/interp = 1
tracks/6/loop_wrap = true
tracks/6/imported = false
tracks/6/enabled = true
tracks/6/keys = {
"times": PoolRealArray( 0 ),
"transitions": PoolRealArray( 1 ),
"update": 1,
"values": [ 1200 ]
}

[sub_resource type="Animation" id=13]
resource_name = "jump_attack3_fall"
length = 0.2
loop = true
tracks/0/type = "value"
tracks/0/path = NodePath("Sprite:texture")
tracks/0/interp = 1
tracks/0/loop_wrap = true
tracks/0/imported = false
tracks/0/enabled = true
tracks/0/keys = {
"times": PoolRealArray( 0, 0.1 ),
"transitions": PoolRealArray( 1, 1 ),
"update": 1,
"values": [ ExtResource( 48 ), ExtResource( 42 ) ]
}
tracks/1/type = "value"
tracks/1/path = NodePath("Area2D/CollisionShape2D:disabled")
tracks/1/interp = 1
tracks/1/loop_wrap = true
tracks/1/imported = false
tracks/1/enabled = true
tracks/1/keys = {
"times": PoolRealArray( 0 ),
"transitions": PoolRealArray( 1 ),
"update": 1,
"values": [ false ]
}
tracks/2/type = "value"
tracks/2/path = NodePath("Area2D/CollisionShape2D:position")
tracks/2/interp = 1
tracks/2/loop_wrap = true
tracks/2/imported = false
tracks/2/enabled = true
tracks/2/keys = {
"times": PoolRealArray( 0 ),
"transitions": PoolRealArray( 1 ),
"update": 0,
"values": [ Vector2( 10, -0.75 ) ]
}
tracks/3/type = "value"
tracks/3/path = NodePath("Area2D/CollisionShape2D:scale")
tracks/3/interp = 1
tracks/3/loop_wrap = true
tracks/3/imported = false
tracks/3/enabled = true
tracks/3/keys = {
"times": PoolRealArray( 0 ),
"transitions": PoolRealArray( 1 ),
"update": 0,
"values": [ Vector2( 1, 0.9 ) ]
}
tracks/4/type = "value"
tracks/4/path = NodePath(".:isAttacking")
tracks/4/interp = 1
tracks/4/loop_wrap = true
tracks/4/imported = false
tracks/4/enabled = true
tracks/4/keys = {
"times": PoolRealArray( 0 ),
"transitions": PoolRealArray( 1 ),
"update": 1,
"values": [ true ]
}

[sub_resource type="Animation" id=14]
resource_name = "jump_attack3_ready"
length = 0.1
tracks/0/type = "value"
tracks/0/path = NodePath("Sprite:texture")
tracks/0/interp = 1
tracks/0/loop_wrap = true
tracks/0/imported = false
tracks/0/enabled = true
tracks/0/keys = {
"times": PoolRealArray( 0 ),
"transitions": PoolRealArray( 1 ),
"update": 1,
"values": [ ExtResource( 49 ) ]
}
tracks/1/type = "value"
tracks/1/path = NodePath("Area2D/CollisionShape2D:scale")
tracks/1/interp = 1
tracks/1/loop_wrap = true
tracks/1/imported = false
tracks/1/enabled = true
tracks/1/keys = {
"times": PoolRealArray( 0 ),
"transitions": PoolRealArray( 1 ),
"update": 0,
"values": [ Vector2( 1, 0.9 ) ]
}
tracks/2/type = "value"
tracks/2/path = NodePath("Area2D/CollisionShape2D:position")
tracks/2/interp = 1
tracks/2/loop_wrap = true
tracks/2/imported = false
tracks/2/enabled = true
tracks/2/keys = {
"times": PoolRealArray( 0 ),
"transitions": PoolRealArray( 1 ),
"update": 0,
"values": [ Vector2( 10, -4 ) ]
}
tracks/3/type = "value"
tracks/3/path = NodePath("Area2D/CollisionShape2D:disabled")
tracks/3/interp = 1
tracks/3/loop_wrap = true
tracks/3/imported = false
tracks/3/enabled = true
tracks/3/keys = {
"times": PoolRealArray( 0 ),
"transitions": PoolRealArray( 1 ),
"update": 1,
"values": [ false ]
}
tracks/4/type = "value"
tracks/4/path = NodePath(".:isAttacking")
tracks/4/interp = 1
tracks/4/loop_wrap = true
tracks/4/imported = false
tracks/4/enabled = true
tracks/4/keys = {
"times": PoolRealArray( 0 ),
"transitions": PoolRealArray( 1 ),
"update": 1,
"values": [ true ]
}
tracks/5/type = "value"
tracks/5/path = NodePath(".:GRAVITY")
tracks/5/interp = 1
tracks/5/loop_wrap = true
tracks/5/imported = false
tracks/5/enabled = true
tracks/5/keys = {
"times": PoolRealArray( 0 ),
"transitions": PoolRealArray( 1 ),
"update": 1,
"values": [ 3000 ]
}

[sub_resource type="Animation" id=15]
length = 0.6
loop = true
tracks/0/type = "value"
tracks/0/path = NodePath("Sprite:texture")
tracks/0/interp = 1
tracks/0/loop_wrap = true
tracks/0/imported = false
tracks/0/enabled = true
tracks/0/keys = {
"times": PoolRealArray( 0, 0.1, 0.2, 0.3, 0.4, 0.5 ),
"transitions": PoolRealArray( 1, 1, 1, 1, 1, 1 ),
"update": 1,
"values": [ ExtResource( 25 ), ExtResource( 27 ), ExtResource( 24 ), ExtResource( 23 ), ExtResource( 37 ), ExtResource( 20 ) ]
}
tracks/1/type = "value"
tracks/1/path = NodePath("Area2D/CollisionShape2D:disabled")
tracks/1/interp = 1
tracks/1/loop_wrap = true
tracks/1/imported = false
tracks/1/enabled = true
tracks/1/keys = {
"times": PoolRealArray( 0 ),
"transitions": PoolRealArray( 1 ),
"update": 1,
"values": [ true ]
}
tracks/2/type = "value"
tracks/2/path = NodePath(".:isAttacking")
tracks/2/interp = 1
tracks/2/loop_wrap = true
tracks/2/imported = false
tracks/2/enabled = true
tracks/2/keys = {
"times": PoolRealArray( 0 ),
"transitions": PoolRealArray( 1 ),
"update": 1,
"values": [ false ]
}

[sub_resource type="Animation" id=16]
length = 0.4
tracks/0/type = "value"
tracks/0/path = NodePath("Sprite:texture")
tracks/0/interp = 1
tracks/0/loop_wrap = true
tracks/0/imported = false
tracks/0/enabled = true
tracks/0/keys = {
"times": PoolRealArray( 0, 0.1, 0.2, 0.3 ),
"transitions": PoolRealArray( 1, 1, 1, 1 ),
"update": 1,
"values": [ ExtResource( 10 ), ExtResource( 26 ), ExtResource( 32 ), ExtResource( 12 ) ]
}
tracks/1/type = "value"
tracks/1/path = NodePath(".:isAttacking")
tracks/1/interp = 1
tracks/1/loop_wrap = true
tracks/1/imported = false
tracks/1/enabled = true
tracks/1/keys = {
"times": PoolRealArray( 0 ),
"transitions": PoolRealArray( 1 ),
"update": 1,
"values": [ false ]
}

[sub_resource type="Animation" id=17]
resource_name = "slide"
length = 0.4
step = 0.05
tracks/0/type = "value"
tracks/0/path = NodePath("Sprite:texture")
tracks/0/interp = 1
tracks/0/loop_wrap = true
tracks/0/imported = false
tracks/0/enabled = true
tracks/0/keys = {
"times": PoolRealArray( 0, 0.1, 0.2, 0.3 ),
"transitions": PoolRealArray( 1.41421, 1, 1.41421, 1 ),
"update": 1,
"values": [ ExtResource( 53 ), ExtResource( 52 ), ExtResource( 53 ), ExtResource( 52 ) ]
}
tracks/1/type = "value"
tracks/1/path = NodePath("Area2D/CollisionShape2D:position")
tracks/1/interp = 1
tracks/1/loop_wrap = true
tracks/1/imported = false
tracks/1/enabled = true
tracks/1/keys = {
"times": PoolRealArray( 0 ),
"transitions": PoolRealArray( 1 ),
"update": 0,
"values": [ Vector2( 14, 16 ) ]
}
tracks/2/type = "value"
tracks/2/path = NodePath("Area2D/CollisionShape2D:scale")
tracks/2/interp = 1
tracks/2/loop_wrap = true
tracks/2/imported = false
tracks/2/enabled = true
tracks/2/keys = {
"times": PoolRealArray( 0 ),
"transitions": PoolRealArray( 1 ),
"update": 0,
"values": [ Vector2( 1, 0.5 ) ]
}
tracks/3/type = "value"
tracks/3/path = NodePath("Area2D/CollisionShape2D:disabled")
tracks/3/interp = 1
tracks/3/loop_wrap = true
tracks/3/imported = false
tracks/3/enabled = true
tracks/3/keys = {
"times": PoolRealArray( 0, 0.25 ),
"transitions": PoolRealArray( 1, 1 ),
"update": 1,
"values": [ false, true ]
}
tracks/4/type = "value"
tracks/4/path = NodePath("CollisionShape2D:position")
tracks/4/interp = 1
tracks/4/loop_wrap = true
tracks/4/imported = false
tracks/4/enabled = true
tracks/4/keys = {
"times": PoolRealArray( 0, 0.25, 0.3 ),
"transitions": PoolRealArray( 1, 1, 1 ),
"update": 0,
"values": [ Vector2( 0, 17 ), Vector2( 0, 17 ), Vector2( 0, 5.3033 ) ]
}
tracks/5/type = "value"
tracks/5/path = NodePath("CollisionShape2D:scale")
tracks/5/interp = 1
tracks/5/loop_wrap = true
tracks/5/imported = false
tracks/5/enabled = true
tracks/5/keys = {
"times": PoolRealArray( 0, 0.25, 0.3 ),
"transitions": PoolRealArray( 1, 1, 1 ),
"update": 0,
"values": [ Vector2( 1, 0.6 ), Vector2( 1, 0.6 ), Vector2( 1, 1 ) ]
}
tracks/6/type = "value"
tracks/6/path = NodePath(".:isAttacking")
tracks/6/interp = 1
tracks/6/loop_wrap = true
tracks/6/imported = false
tracks/6/enabled = true
tracks/6/keys = {
"times": PoolRealArray( 0, 0.25 ),
"transitions": PoolRealArray( 1, 1 ),
"update": 1,
"values": [ true, false ]
}
tracks/7/type = "value"
tracks/7/path = NodePath("AttackSwing:playing")
tracks/7/interp = 1
tracks/7/loop_wrap = true
tracks/7/imported = false
tracks/7/enabled = true
tracks/7/keys = {
"times": PoolRealArray( 0, 0.2 ),
"transitions": PoolRealArray( 1, 1 ),
"update": 1,
"values": [ true, false ]
}

[sub_resource type="AnimationNodeAnimation" id=18]
animation = "attack1"

[sub_resource type="AnimationNodeAnimation" id=19]
animation = "attack2"

[sub_resource type="AnimationNodeAnimation" id=20]
animation = "attack3"

[sub_resource type="AnimationNodeAnimation" id=21]
animation = "idle"

[sub_resource type="AnimationNodeAnimation" id=22]
animation = "idle_sword"

[sub_resource type="AnimationNodeAnimation" id=23]
animation = "jump"

[sub_resource type="AnimationNodeAnimation" id=24]
animation = "jump_attack1"

[sub_resource type="AnimationNodeAnimation" id=25]
animation = "jump_attack2"

[sub_resource type="AnimationNodeAnimation" id=26]
animation = "jump_attack3_drop"

[sub_resource type="AnimationNodeAnimation" id=27]
animation = "jump_attack3_fall"

[sub_resource type="AnimationNodeAnimation" id=28]
animation = "jump_attack3_ready"

[sub_resource type="AnimationNodeAnimation" id=29]
animation = "run"

[sub_resource type="AnimationNodeAnimation" id=30]
animation = "sheath"

[sub_resource type="AnimationNodeAnimation" id=31]
animation = "slide"

[sub_resource type="AnimationNodeStateMachineTransition" id=32]

[sub_resource type="AnimationNodeStateMachineTransition" id=33]

[sub_resource type="AnimationNodeStateMachineTransition" id=34]
switch_mode = 2
auto_advance = true

[sub_resource type="AnimationNodeStateMachineTransition" id=35]
switch_mode = 2
auto_advance = true

[sub_resource type="AnimationNodeStateMachineTransition" id=36]
switch_mode = 2
auto_advance = true

[sub_resource type="AnimationNodeStateMachineTransition" id=37]

[sub_resource type="AnimationNodeStateMachineTransition" id=38]
priority = 3

[sub_resource type="AnimationNodeStateMachineTransition" id=39]

[sub_resource type="AnimationNodeStateMachineTransition" id=40]
switch_mode = 2
auto_advance = true

[sub_resource type="AnimationNodeStateMachineTransition" id=41]
switch_mode = 2
auto_advance = true

[sub_resource type="AnimationNodeStateMachineTransition" id=42]

[sub_resource type="AnimationNodeStateMachineTransition" id=43]

[sub_resource type="AnimationNodeStateMachineTransition" id=44]

[sub_resource type="AnimationNodeStateMachineTransition" id=45]

[sub_resource type="AnimationNodeStateMachineTransition" id=46]

[sub_resource type="AnimationNodeStateMachineTransition" id=47]

[sub_resource type="AnimationNodeStateMachineTransition" id=48]

[sub_resource type="AnimationNodeStateMachineTransition" id=49]

[sub_resource type="AnimationNodeStateMachineTransition" id=50]

[sub_resource type="AnimationNodeStateMachineTransition" id=51]
priority = 3

[sub_resource type="AnimationNodeStateMachineTransition" id=52]
switch_mode = 2
auto_advance = true

[sub_resource type="AnimationNodeStateMachineTransition" id=53]
switch_mode = 2
auto_advance = true

[sub_resource type="AnimationNodeStateMachineTransition" id=54]

[sub_resource type="AnimationNodeStateMachineTransition" id=55]

[sub_resource type="AnimationNodeStateMachineTransition" id=56]

[sub_resource type="AnimationNodeStateMachineTransition" id=57]

[sub_resource type="AnimationNodeStateMachineTransition" id=58]

[sub_resource type="AnimationNodeStateMachineTransition" id=59]

[sub_resource type="AnimationNodeStateMachineTransition" id=60]

[sub_resource type="AnimationNodeStateMachineTransition" id=61]

[sub_resource type="AnimationNodeStateMachineTransition" id=62]

[sub_resource type="AnimationNodeStateMachineTransition" id=63]
priority = 3

[sub_resource type="AnimationNodeStateMachineTransition" id=64]

[sub_resource type="AnimationNodeStateMachineTransition" id=65]

[sub_resource type="AnimationNodeStateMachineTransition" id=66]
switch_mode = 2
auto_advance = true

[sub_resource type="AnimationNodeStateMachineTransition" id=67]

[sub_resource type="AnimationNodeStateMachineTransition" id=68]

[sub_resource type="AnimationNodeStateMachine" id=69]
states/attack1/node = SubResource( 18 )
states/attack1/position = Vector2( 342, 101 )
states/attack2/node = SubResource( 19 )
states/attack2/position = Vector2( 541, 46 )
states/attack3/node = SubResource( 20 )
states/attack3/position = Vector2( 749, 117 )
states/idle/node = SubResource( 21 )
states/idle/position = Vector2( 147, 196 )
states/idle_sword/node = SubResource( 22 )
states/idle_sword/position = Vector2( 624, 260 )
states/jump/node = SubResource( 23 )
states/jump/position = Vector2( 889, 56.478 )
states/jump_attack1/node = SubResource( 24 )
states/jump_attack1/position = Vector2( 1130.87, 79.478 )
states/jump_attack2/node = SubResource( 25 )
states/jump_attack2/position = Vector2( 1328.87, 117 )
states/jump_attack3_drop/node = SubResource( 26 )
states/jump_attack3_drop/position = Vector2( 1283.87, 243.478 )
states/jump_attack3_fall/node = SubResource( 27 )
states/jump_attack3_fall/position = Vector2( 1557.87, 220.478 )
states/jump_attack3_ready/node = SubResource( 28 )
states/jump_attack3_ready/position = Vector2( 1592.87, 101 )
states/run/node = SubResource( 29 )
states/run/position = Vector2( 943, 196 )
states/sheath/node = SubResource( 30 )
states/sheath/position = Vector2( 356, 229.627 )
states/slide/node = SubResource( 31 )
states/slide/position = Vector2( 968.885, 300.478 )
transitions = [ "attack1", "attack2", SubResource( 32 ), "attack2", "attack3", SubResource( 33 ), "attack1", "idle_sword", SubResource( 34 ), "attack2", "idle_sword", SubResource( 35 ), "attack3", "idle_sword", SubResource( 36 ), "attack3", "attack1", SubResource( 37 ), "idle", "attack1", SubResource( 38 ), "idle_sword", "attack1", SubResource( 39 ), "idle_sword", "sheath", SubResource( 40 ), "sheath", "idle", SubResource( 41 ), "sheath", "attack1", SubResource( 42 ), "attack3", "run", SubResource( 43 ), "attack2", "run", SubResource( 44 ), "attack1", "run", SubResource( 45 ), "idle_sword", "run", SubResource( 46 ), "sheath", "run", SubResource( 47 ), "idle", "run", SubResource( 48 ), "run", "idle", SubResource( 49 ), "jump_attack1", "jump_attack2", SubResource( 50 ), "jump_attack2", "jump_attack3_ready", SubResource( 51 ), "jump_attack3_ready", "jump_attack3_fall", SubResource( 52 ), "jump_attack3_drop", "idle_sword", SubResource( 53 ), "jump_attack3_drop", "run", SubResource( 54 ), "jump_attack3_fall", "jump_attack3_drop", SubResource( 55 ), "jump_attack1", "idle_sword", SubResource( 56 ), "jump_attack2", "idle_sword", SubResource( 57 ), "run", "jump", SubResource( 58 ), "attack3", "jump", SubResource( 59 ), "idle_sword", "jump", SubResource( 60 ), "sheath", "jump", SubResource( 61 ), "idle", "jump", SubResource( 62 ), "jump", "jump_attack1", SubResource( 63 ), "jump", "idle", SubResource( 64 ), "run", "slide", SubResource( 65 ), "slide", "idle", SubResource( 66 ), "slide", "attack1", SubResource( 67 ), "slide", "jump", SubResource( 68 ) ]
graph_offset = Vector2( 207.027, 20.4781 )

[sub_resource type="AnimationNodeStateMachinePlayback" id=70]

[node name="Player" type="KinematicBody2D" groups=[
"Player",
]]
script = ExtResource( 55 )
isAttacking = true
attackReset = true

[node name="CollisionShape2D" type="CollisionShape2D" parent="."]
position = Vector2( 0, 17 )
scale = Vector2( 1, 0.6 )
shape = SubResource( 1 )

[node name="Area2D" type="Area2D" parent="."]

[node name="CollisionShape2D" type="CollisionShape2D" parent="Area2D"]
position = Vector2( 14, 16 )
scale = Vector2( 1, 0.5 )
shape = SubResource( 2 )

[node name="Sprite" type="Sprite" parent="."]
scale = Vector2( 2, 2 )
texture = ExtResource( 53 )

[node name="AnimationPlayer" type="AnimationPlayer" parent="."]
anims/attack1 = SubResource( 3 )
anims/attack2 = SubResource( 4 )
anims/attack3 = SubResource( 5 )
anims/hurt = SubResource( 6 )
anims/idle = SubResource( 7 )
anims/idle_sword = SubResource( 8 )
anims/jump = SubResource( 9 )
anims/jump_attack1 = SubResource( 10 )
anims/jump_attack2 = SubResource( 11 )
anims/jump_attack3_drop = SubResource( 12 )
anims/jump_attack3_fall = SubResource( 13 )
anims/jump_attack3_ready = SubResource( 14 )
anims/run = SubResource( 15 )
anims/sheath = SubResource( 16 )
anims/slide = SubResource( 17 )

[node name="AnimationTree" type="AnimationTree" parent="."]
tree_root = SubResource( 69 )
anim_player = NodePath("../AnimationPlayer")
active = true
parameters/playback = SubResource( 70 )

[node name="AttackHit" type="AudioStreamPlayer2D" parent="."]
stream = ExtResource( 14 )
volume_db = -5.0

[node name="AttackSwing" type="AudioStreamPlayer2D" parent="."]
stream = ExtResource( 56 )
volume_db = -5.0

[node name="Damaged" type="AudioStreamPlayer2D" parent="."]
stream = ExtResource( 57 )
[connection signal="body_entered" from="Area2D" to="." method="_on_Area2D_body_entered"]
